@article{felter2014updated,
  title={An updated performance comparison of virtual machines and {Linux} containers},
  author={Felter, Wes and Ferreira, Alexandre and Rajamony, Ram and Rubio, Juan},
  journal={technology},
  volume={28},
  pages={32},
  year={2014}
}